// photometric odometry
@inproceedings{comport2007odometry,
  title={Accurate quadrifocal tracking for robust 3d visual odometry},
  author={Comport, Andrew I and Malis, Ezio and Rives, Patrick},
  booktitle={Robotics and Automation, 2007 IEEE International Conference on},
  pages={40--45},
  year={2007},
  organization={IEEE}
}

// more photometric odometry?
@article{tykkala2011direct,
  title={Direct Iterative Closest Point for Real-time Visual Odometry},
  author={Tykk{\"a}l{\"a}, Tommi and Audras, C{\'e}dric and Comport, Andrew I},
  journal={The Second international Workshop on Computer Vision in Vehicle Technology: From Earth to Mars in conjunction with the International Conference on Computer Vision},
  pages={6--13},
  year={2011}
}


// DVO
@article{omaridenseodometry,
  title={Real-time Dense Stereoscopic Visual Odometry},
  author={Omari, Sammy and Bloesch, Michael and Burri, Michael and Gohl, Pascal and Achtelik, Markus W and Siegwart, Roland Y}
}

// feature-based odometry on visensor
@inproceedings{marcin2014odometry,
    title={Visual-Inertial Motion Estimation on Computationally Constrained Platforms},
    author={Marcin Tomasz Dymczyk},
    year={2014}
}


// SGM on FPGA
@inproceedings{honegger2014sgmcore,
  title={Real-time and low latency embedded computer vision hardware based on a combination of fpga and mobile cpu},
  author={Honegger, Dominik and Oleynikova, Helen and Pollefeys, Marc},
  booktitle={Intelligent Robots and Systems (IROS 2014), 2014 IEEE/RSJ International Conference on},
  pages={4930--4935},
  year={2014},
  organization={IEEE}
}

// SGM
@inproceedings{hirschmuller2005sgm,
  title={Accurate and efficient stereo processing by semi-global matching and mutual information},
  author={Hirschm{\"u}ller, Heiko},
  booktitle={Computer Vision and Pattern Recognition, 2005. CVPR 2005. IEEE Computer Society Conference on},
  volume={2},
  pages={807--814},
  year={2005},
  organization={IEEE}
}

// visensor
@inproceedings{nikolic2014synchronized,
  title={A synchronized visual-inertial sensor system with FPGA pre-processing for accurate real-time SLAM},
  author={Nikolic, Janosch and Rehder, Joern and Burri, Michael and Gohl, Pascal and Leutenegger, Stefan and Furgale, Paul T and Siegwart, Roland},
  booktitle={Robotics and Automation (ICRA), 2014 IEEE International Conference on},
  pages={431--437},
  year={2014},
  organization={IEEE}
}
